@book{Ishizaka2012,
    author = {Ishizaka, Satoshi. and Ogawa, Tomohiro. and Kawachi, Akinori.},
    isbn = {4320122992},
    publisher = {共立出版},
    title = {量子情報科学入門},
    year = {2012}
}